<record><leader>00000cas a22000007a 4500</leader><controlfield tag="001">21707655</controlfield><controlfield tag="008">900605d18uu189ugaudn ne      0    0eng d</controlfield><datafield ind1=" " ind2=" " tag="010"><subfield code="a">sn 90052416 </subfield></datafield><datafield ind1=" " ind2=" " tag="040"><subfield code="a">NLG</subfield><subfield code="b">eng</subfield><subfield code="c">NLG</subfield><subfield code="d">FUG</subfield><subfield code="d">OCL</subfield><subfield code="d">OCLCQ</subfield><subfield code="d">OCLCF</subfield><subfield code="d">OCLCO</subfield></datafield><datafield ind1=" " ind2=" " tag="042"><subfield code="a">msc</subfield></datafield><datafield ind1=" " ind2=" " tag="043"><subfield code="a">n-us-ga</subfield></datafield><datafield ind1="0" ind2=" " tag="130"><subfield code="a">Evening post (Brunswick, Ga.)</subfield></datafield><datafield ind1="1" ind2="4" tag="245"><subfield code="a">The evening post.</subfield></datafield><datafield ind1=" " ind2=" " tag="260"><subfield code="a">Brunswick, Ga. :</subfield><subfield code="b">Kent and Frost</subfield></datafield><datafield ind1=" " ind2=" " tag="300"><subfield code="a">v.</subfield></datafield><datafield ind1=" " ind2=" " tag="310"><subfield code="a">Daily (except Sunday)</subfield></datafield><datafield ind1=" " ind2=" " tag="588"><subfield code="a">Description based on: July 19, 1890.</subfield></datafield><datafield ind1=" " ind2="0" tag="651"><subfield code="a">Brunswick (Ga.)</subfield><subfield code="v">Newspapers.</subfield></datafield><datafield ind1=" " ind2="0" tag="651"><subfield code="a">Glynn County (Ga.)</subfield><subfield code="v">Newspapers.</subfield></datafield><datafield ind1=" " ind2="7" tag="655"><subfield code="a">Newspapers.</subfield><subfield code="2">fast</subfield><subfield code="0">(OCoLC)fst01423814</subfield></datafield><datafield ind1=" " ind2="7" tag="651"><subfield code="a">Georgia</subfield><subfield code="z">Brunswick.</subfield><subfield code="2">fast</subfield><subfield code="0">(OCoLC)fst01218163</subfield></datafield><datafield ind1=" " ind2="7" tag="651"><subfield code="a">Georgia</subfield><subfield code="z">Glynn County.</subfield><subfield code="2">fast</subfield><subfield code="0">(OCoLC)fst01214157</subfield></datafield><datafield ind1=" " ind2=" " tag="752"><subfield code="a">United States</subfield><subfield code="b">Georgia</subfield><subfield code="c">Glynn</subfield><subfield code="d">Brunswick.</subfield></datafield></record>